@article{iLID,
    author =      "Tom Herold, Thomas Werkmeister",
    title =           "Practical Applications of Multimedia Retrieval. Language Identification in Audio Files",
    year =         "2016",
    institute =   "Hasso Plattner Institute",
    url =	      {https://github.com/twerkmeister/iLID/blob/master/Deep\%20Audio\%20Paper\%20Thomas\%20Werkmeister\%2C\%20Tom\%20Herold.pdf},
    urldate = {2019-01-17},
}

@book{chollet,
    author    = "François Chollet",
    title     = "Deep learning with Python",
    year      = "2018",
    publisher = "Manning Publications Co.",
    address   = "Shelter Island, NY"
}

@book{neuronale_netze,
    author    = "Tariq Rashid",
    title     = "n",
    year      = "2017",
    publisher = "O'Reilly",
    address   = "Heidelberg"
}

@online{universal,
    title        = {Neural Networks and Deep Learning},
    author = {Michal Nilson},
    date         = {2017-12},
    urldate      = {2018-07-21},
    url          = {http://neuralnetworksanddeeplearning.com/index.html}
}

@book{goodfellow,
    title={Deep Learning},
    author={Ian Goodfellow and Yoshua Bengio and Aaron Courville},
    publisher={MIT Press},
    note={\url{http://www.deeplearningbook.org}},
    urldate = {2019-01-17},
    year={2016}
}

@software{recordrtc,
    title={WebRTC},
    author={Muaz Khan},
    url={https://github.com/muaz-khan/RecordRTC},
    urldate={2018-07-23}
}

@software{flask,
    title={Flask},
    author={Armin Ronacher},
    url={http://flask.pocoo.org/},
    urldate={2018-07-23}
} 

@misc{keras,
    title={Keras},
    author={Chollet, Fran\c{c}ois and others},
    year={2015},
    howpublished={\url{https://keras.io}},
}

@online{youtube,
    title        = {Youtube},
    organisation = {Google},
    urldate      = {2018-07-24},
    url          = {https://www.youtube.com/}
}

@online{voxforge,
    title        = {Voxforge},
    urldate      = {2018-07-24},
    url          = {http://www.voxforge.org/}
}
@online{librivox,
    title        = {Librivox},
    urldate      = {2018-12-24},
    url          = {https://librivox.org/}
}
@online{librivox-compilation,
    title        = {Spoken language dataset},
    urldate      = {2018-12-24},
    url          = {https://github.com/tomasz-oponowicz/spoken_language_dataset},
    author ={Tomasz Oponowicz}
}

@online{nist,
    title        = {NIST 2017 Language Recognition Evaluation},
    urldate      = {2018-07-24},
    url          = {https://www.nist.gov/itl/iad/mig/nist-2017-language-recognition-evaluation}
}

@software{librosa,
  author       = {Brian McFee and
                  Matt McVicar and
                  Stefan Balke and
                  Carl Thomé and
                  Colin Raffel and
                  Dana Lee and
                  Oriol Nieto and
                  Eric Battenberg and
                  Dan Ellis and
                  Ryuichi Yamamoto and
                  Josh Moore and
                  Rachel Bittner and
                  Keunwoo Choi and
                  Pius Friesch and
                  Fabian-Robert Stöter and
                  Vincent Lostanlen and
                  Siddhartha Kumar and
                  Simon Waloschek and
                  Seth and
                  Rimvydas Naktinis and
                  Douglas Repetto and
                  Curtis "Fjord" Hawthorne and
                  CJ Carr and
                  Waldir Pimenta and
                  Petr Viktorin and
                  Paul Brossier and
                  João Felipe Santos and
                  JackieWu and
                  Erik and
                  Adrian Holovaty},
  title        = {librosa/librosa: 0.6.1},
  month        = may,
  year         = 2018,
  url          = {https://doi.org/10.5281/zenodo.1252297},
  urldate = {2019-01-17}
}

@inproceedings{kapre,
  title={Kapre: On-GPU Audio Preprocessing Layers for a Quick Implementation of Deep Neural Network Models with Keras},
  author={Choi, Keunwoo and Joo, Deokjin and Kim, Juho},
  booktitle={Machine Learning for Music Discovery Workshop at 34th International Conference on Machine Learning},
  year={2017},
  organization={ICML}
}
 
 @online{gradient,
   organisation = "{Wikipedia contributors}",
   title = "Gradient descent --- {W}ikipedia{,} The Free Encyclopedia",
   year = "2018",
   url = "https://en.wikipedia.org/wiki/Gradient_descent",
   urldate = {2018-09-11}
}

@online {fourrier,
  author = "Julius O. Smith",
  title = {Mathematics of the Discrete Fourier Transform (DFT)},
  url = "http://ccrma.stanford.edu/~jos/mdft/",
  urldate = "2018-09-11",
  note = "online book, 2007 edition"
}

@article{tenkHz,
author = {Stevens,S. S.  and Volkmann,J.  and Newman,E. B. },
title = {A Scale for the Measurement of the Psychological Magnitude Pitch},
journal = {The Journal of the Acoustical Society of America},
volume = {8},
number = {3},
pages = {185-190},
year = {1937}
}

@book{mel,
   title =     {Spoken Language Processing: A Guide to Theory, Algorithm and System Development},
   author =    {Xuedong Huang, Alex Acero, Hsiao-Wuen Hon},
   publisher = {Prentice Hall PTR},
   year =      {2001},
}

 @online{deepblue,
   organisation = "{Wikipedia contributors}",
   title = "Deep Blue (chess computer)--- {W}ikipedia{,} The Free Encyclopedia",
   year = "2018",
   url = "https://en.wikipedia.org/wiki/Deep_Blue_(chess_computer)",
   urldate = {2018-10-19}
}

 @online{alphago,
   organisation = "{Wikipedia contributors}",
   title = "AlphaGo --- {W}ikipedia{,} The Free Encyclopedia",
   year = "2018",
   url = "https://en.wikipedia.org/wiki/AlphaGo",
   urldate = {2018-10-19}
}

@article{gru,
  author    = {Kyunghyun Cho and
               Bart van Merrienboer and
               {\c{C}}aglar G{\"{u}}l{\c{c}}ehre and
               Fethi Bougares and
               Holger Schwenk and
               Yoshua Bengio},
  title     = {Learning Phrase Representations using {RNN} Encoder-Decoder for Statistical
               Machine Translation},
  journal   = {CoRR},
  volume    = {abs/1406.1078},
  year      = {2014},
  url       = {http://arxiv.org/abs/1406.1078},
  archivePrefix = {arXiv},
}

@inproceedings{gan,
  title={Conditional Generative Adversarial Nets Classifier for Spoken Language Identification},
  author={Peng Shen and Xugang Lu and Sheng Li and Hisashi Kawai},
  booktitle={INTERSPEECH},
  year={2017}
}

@article{crnn,
  author    = {Christian Bartz and
               Tom Herold and
               Haojin Yang and
               Christoph Meinel},
  title     = {Language Identification Using Deep Convolutional Recurrent Neural
               Networks},
  journal   = {CoRR},
  volume    = {abs/1708.04811},
  year      = {2017},
  url       = {http://arxiv.org/abs/1708.04811},
  urldate = {2019-01-17},
  archivePrefix = {arXiv}
}

@online{yerevann,
   author = "Hrayr Harutyunyan, Hrant Khachatrian",
   title = "Combining CNN and RNN for spoken language identification",
   year = "2016",
   url = "https://yerevann.github.io/2016/06/26/combining-cnn-and-rnn-for-spoken-language-identification/",
   urldate = {2018-12-15}
}

@article{batch,
  author    = {Sergey Ioffe and
               Christian Szegedy},
  title     = {Batch Normalization: Accelerating Deep Network Training by Reducing
               Internal Covariate Shift},
  journal   = {CoRR},
  volume    = {abs/1502.03167},
  year      = {2015},
  url       = {http://arxiv.org/abs/1502.03167},
  archivePrefix = {arXiv},
  urldate = {2019-01-17},
}

@article{cnn_large,
  author    = {Shawn Hershey and
               Sourish Chaudhuri and
               Daniel P. W. Ellis and
               Jort F. Gemmeke and
               Aren Jansen and
               R. Channing Moore and
               Manoj Plakal and
               Devin Platt and
               Rif A. Saurous and
               Bryan Seybold and
               Malcolm Slaney and
               Ron J. Weiss and
               Kevin W. Wilson},
  title     = {{CNN} Architectures for Large-Scale Audio Classification},
  journal   = {CoRR},
  volume    = {abs/1609.09430},
  year      = {2016},
  url       = {http://arxiv.org/abs/1609.09430},
  archivePrefix = {arXiv},
  urldate = {2019-01-17},
}

@inproceedings{imagenet,
        AUTHOR = {Deng, J. and Dong, W. and Socher, R. and Li, L.-J. and Li, K. and Fei-Fei, L.},
        TITLE = {{ImageNet: A Large-Scale Hierarchical Image Database}},
        BOOKTITLE = {CVPR09},
        YEAR = {2009},
        BIBSOURCE = "http://www.image-net.org/papers/imagenet_cvpr09.bib"
 }
 
 @article{mobilenet,
  author    = {Mark Sandler and
               Andrew G. Howard and
               Menglong Zhu and
               Andrey Zhmoginov and
               Liang{-}Chieh Chen},
  title     = {Inverted Residuals and Linear Bottlenecks: Mobile Networks for Classification,
               Detection and Segmentation},
  journal   = {CoRR},
  volume    = {abs/1801.04381},
  year      = {2018},
  url       = {http://arxiv.org/abs/1801.04381},
  archivePrefix = {arXiv},
  urldate = {2019-01-17},
}

 @article{history,
  author    = {Marc A. / Berkling, Kay M.},
  title     = {Automatic Language Identification},
  venue= {Invited Tutorial Lecture},
  journal   = {MIST-1999},
  year      = {1999}
}

@article{montavon,
author = {Montavon, Grégoire},
year = {2009},
month = {01},
pages = {},
title = {Deep learning for spoken language identification}
}

@article{between,
  author    = {Yuji Tokozume and
               Yoshitaka Ushiku and
               Tatsuya Harada},
  title     = {Learning from Between-class Examples for Deep Sound Recognition},
  journal   = {CoRR},
  volume    = {abs/1711.10282},
  year      = {2017}
  }

@misc{tensorflow,
title={ {TensorFlow}: Large-Scale Machine Learning on Heterogeneous Systems},
url={https://www.tensorflow.org/},
note={Software available from tensorflow.org},
author={
    Martín~Abadi and
    Ashish~Agarwal and
    Paul~Barham and
    Eugene~Brevdo and
    Zhifeng~Chen and
    Craig~Citro and
    Greg~S.~Corrado and
    Andy~Davis and
    Jeffrey~Dean and
    Matthieu~Devin and
    Sanjay~Ghemawat and
    Ian~Goodfellow and
    Andrew~Harp and
    Geoffrey~Irving and
    Michael~Isard and
    Yangqing Jia and
    Rafal~Jozefowicz and
    Lukasz~Kaiser and
    Manjunath~Kudlur and
    Josh~Levenberg and
    Dandelion~Man\'{e} and
    Rajat~Monga and
    Sherry~Moore and
    Derek~Murray and
    Chris~Olah and
    Mike~Schuster and
    Jonathon~Shlens and
    Benoit~Steiner and
    Ilya~Sutskever and
    Kunal~Talwar and
    Paul~Tucker and
    Vincent~Vanhoucke and
    Vijay~Vasudevan and
    Fernanda~Vi\'{e}gas and
    Oriol~Vinyals and
    Pete~Warden and
    Martin~Wattenberg and
    Martin~Wicke and
    Yuan~Yu and
    Xiaoqiang~Zheng},
  year={2015},
  urldate = {2019-01-17},
}

@book{numpy,
author = {Oliphant, Travis},
year = {2006},
month = {01},
title = {Guide to NumPy},
url = "http://www.numpy.org/",
urldate = {2019-01-15}
}

@Article{matplotlib,
  Author    = {Hunter, J. D.},
  Title     = {Matplotlib: A 2D graphics environment},
  Journal   = {Computing In Science \& Engineering},
  Volume    = {9},
  Number    = {3},
  Pages     = {90--95},
  publisher = {IEEE COMPUTER SOC},
  year      = 2007
}

@Article{jupyter,
  Author    = {Pérez, Fernando and Granger, Brian E.},
  Title     = {{IP}ython: a System for Interactive Scientific Computing},
  Journal   = {Computing in Science and Engineering},
  Volume    = {9},
  Number    = {3},
  Pages     = {21--29},
  month     = may,
  year      = 2007,
  url       = "https://ipython.org",
  urldate = {2019-01-15},
  publisher = {IEEE Computer Society},
}

@misc{youtube-dl,
  title={Youtube-dl},
  howpublished={\url{https://rg3.github.io/youtube-dl/}},
  urldate = {2019-01-17},
}

@online {supervised,
  author = "Jason Brownlee",
  title = {Supervised and Unsupervised Machine Learning Algorithms},
  url = "https://machinelearningmastery.com/supervised-and-unsupervised-machine-learning-algorithms/",
  urldate = "2019-01-18",
}

@online {entropy,
  author = "Rob DiPietro",
  title = {A Friendly Introduction to Cross-Entropy Loss},
  year = 2016,
  url = "https://rdipietro.github.io/friendly-intro-to-cross-entropy-loss/",
  urldate = "2019-01-18",
}
